[gd_scene load_steps=6 format=2]

[ext_resource path="res://scenes/levels/test_scene_uuuhhh/Wall.tscn" type="PackedScene" id=1]
[ext_resource path="res://scenes/levels/test_scene_uuuhhh/Floor.tscn" type="PackedScene" id=2]
[ext_resource path="res://scenes/scripts/roblox-cube.gd" type="Script" id=3]
[ext_resource path="res://assets/sounds/Uuhhh.mp3" type="AudioStream" id=4]
[ext_resource path="res://scenes/Die.tscn" type="PackedScene" id=5]

[node name="TestScene" type="Spatial"]

[node name="W8" parent="." instance=ExtResource( 5 )]
transform = Transform( 0.990268, 0.0360207, 0.134431, 0, 0.965926, -0.258819, -0.139173, 0.2563, 0.956525, -2.57174, 1.79727, 8.45058 )
contacts_reported = 3
contact_monitor = true
script = ExtResource( 3 )

[node name="Floor" parent="." instance=ExtResource( 2 )]
transform = Transform( 1, 0, 0, 0, 1, 0, 0, 0, 1, 0.0290833, -0.981747, 0.00208664 )

[node name="Floor2" parent="." instance=ExtResource( 2 )]
transform = Transform( 1, 0, 0, 0, 1, 0, 0, 0, 1, 0, -1, 20 )

[node name="Floor3" parent="." instance=ExtResource( 2 )]
transform = Transform( 1, 0, 0, 0, 1, 0, 0, 0, 1, 20, -1, 0 )

[node name="Floor4" parent="." instance=ExtResource( 2 )]
transform = Transform( 1, 0, 0, 0, 1, 0, 0, 0, 1, 20, -1, 20 )

[node name="Floor5" parent="." instance=ExtResource( 2 )]
transform = Transform( 1, 0, 0, 0, 1, 0, 0, 0, 1, 40, -1, 0 )

[node name="Floor6" parent="." instance=ExtResource( 2 )]
transform = Transform( 1, 0, 0, 0, 1, 0, 0, 0, 1, 40, -1, 20 )

[node name="Wall" parent="." instance=ExtResource( 1 )]
transform = Transform( 0.766044, 0, -0.642788, 0, 2, 0, 0.642788, 0, 0.766044, 19.47, 0, 14.7187 )

[node name="AudioStreamPlayer" type="AudioStreamPlayer" parent="."]
stream = ExtResource( 4 )
